% This file was created with JabRef 2.10.
% Encoding: UTF-8


@Article{swoole-asyn,
  Title                    = {Swoole异步与同步的选择},
  Author                   = {Rango-韩天峰},

  Owner                    = {zgy},
  Timestamp                = {2017.04.21},
  Url                      = {https://wiki.swoole.com/wiki/page/176.html}
}

